<?xml version="1.0" encoding="UTF-8"?><collection xmlns="http://www.loc.gov/MARC21/slim"><record><leader>00461nam--2200169-i-4500</leader><controlfield tag="001">000009439</controlfield><controlfield tag="002">20161230</controlfield><controlfield tag="005">20170121224231</controlfield><controlfield tag="008">060222s1000------------r-----000-0-eng-d</controlfield><datafield ind1=" " ind2=" " tag="080"><subfield code="a">002:65.01</subfield></datafield><datafield ind1=" " ind2=" " tag="100"><subfield code="a">Birrien, Jean-Yvon</subfield></datafield><datafield ind1=" " ind2=" " tag="245"><subfield code="a">Information et management. Initiation a la theorie des systemes</subfield></datafield><datafield ind1=" " ind2=" " tag="260"><subfield code="a">Paris</subfield><subfield code="b">Dunod</subfield><subfield code="c">1970</subfield></datafield><datafield ind1=" " ind2=" " tag="300"><subfield code="a">X + 114 p</subfield></datafield><datafield ind1=" " ind2=" " tag="490"><subfield code="a">Collection La Vie De L Entreprise</subfield></datafield><datafield ind1=" " ind2=" " tag="852"><subfield code="a">33727</subfield></datafield><datafield ind1=" " ind2=" " tag="CAT"><subfield code="a">SYS</subfield><subfield code="c">20170121</subfield><subfield code="h">224231</subfield></datafield></record></collection>